@book{AnalComb2009,
  author    = {Flajolet P. and Sedgewick R.},
  title     = {Analytic Combinatorics},
  publisher = {Cambridge University Press},
  year      = {2009},
  url       = {http://www.cambridge.org/uk/catalogue/catalogue.asp?isbn=9780521898065},
  isbn      = {978-0-521-89806-5},
  timestamp = {Wed, 09 Feb 2011 12:52:48 +0100},
  biburl    = {http://dblp.uni-trier.de/rec/bib/books/daglib/0023751},
  bibsource = {dblp computer science bibliography, http://dblp.org}
}
@book{AnalComb2013,
  author = {Pemantle R. and Wilson M.},
  title = {Analytic combinatorics in several variables},
  url = {http://ebooks.cambridge.org/ebook.jsf?bid=CBO9781139381864},
  language = {English},
  publisher = {Cambridge University Press},
  year = {2013},
}
@article{PemWil08,
  Author = {Pemantle R. and Wilson M.},
  Doi = {10.1137/050643866},
  Fjournal = {SIAM Review},
  Journal = {SIAM Rev.},
  Number = {2},
  Pages = {199--272},
  Title = {Twenty combinatorial examples of asymptotics derived
	  from multivariate generating functions},
  Url = {http://dx.doi.org/10.1137/050643866},
  Volume = {50},
  Year = {2008},
  Bdsk-Url-1 = {http://dx.doi.org/10.1137/050643866}
}
@book{AnalComb1996,
  author = {Sedgewick R. and Flajolet P.},
  title = {An Introduction to the Analysis of Algorithms},
  year = {1996},
  isbn = {0-201-40009-X},
  publisher = {Addison-Wesley Longman Publishing Co., Inc.},
  address = {Boston, MA, USA},
} 
@ARTICLE{PemWil02,
    author = {Robin Pemantle and Mark C. Wilson},
    title = {Asymptotics Of Multivariate Sequences, Part I: Smooth Points Of The Singular Variety},
    journal = {J. Comb. Theory, Series A},
    year = {2002},
    volume = {97},
    pages = {129--161}
}
@article{Gardy1995,
  author    = {Dani{\`{e}}le Gardy},
  title     = {Some results on the asymptotic behaviour of coefficients of large
               powers of functions},
  journal   = {Discrete Mathematics},
  volume    = {139},
  number    = {1-3},
  pages     = {189--217},
  year      = {1995},
  url       = {http://dx.doi.org/10.1016/0012-365X(94)00133-4},
  doi       = {10.1016/0012-365X(94)00133-4},
  timestamp = {Fri, 06 Jul 2007 14:58:05 +0200},
  biburl    = {http://dblp.uni-trier.de/rec/bib/journals/dm/Gardy95},
  bibsource = {dblp computer science bibliography, http://dblp.org}
}
@article{Drmota1994,
  author = {Drmota, Michael},
  title = {A Bivariate Asymptotic Expansion of Coefficients of Powers of Generating Functions},
  journal = {Eur. J. Comb.},
  issue_date = {March 1994},
  volume = {15},
  number = {2},
  month = mar,
  year = {1994},
  issn = {0195-6698},
  pages = {139--152},
  numpages = {14},
  url = {http://dx.doi.org/10.1006/eujc.1994.1016},
  doi = {10.1006/eujc.1994.1016},
  acmid = {180161},
  publisher = {Academic Press Ltd.},
  address = {London, UK, UK},
} 
